@article{perlman85,
    author = {Perlman, Radia},
    title = {An Algorithm for Distributed Computation of a Spanningtree in an Extended LAN},
    journal = {SIGCOMM Comput. Commun. Rev.},
    issue_date = {Sept. 1985},
    volume = {15},
    number = {4},
    month = sep,
    year = {1985},
    issn = {0146-4833},
    pages = {44--53},
    numpages = {10},
    url = {http://doi.acm.org/10.1145/318951.319004},
    doi = {10.1145/318951.319004},
    acmid = {319004},
    publisher = {ACM},
    address = {New York, NY, USA},
} 
@misc{LoriotPro,
    author = {LoriotPro},
    title = {{LoriotPro} Network Management Software},
    howpublished = {\url{http://www.loriotpro.com/}},
    note = {Accessed: 2016-09-06},
}
@misc{LiveAction,
    author = {LiveAction},
    title = {{LiveNX} Network Performance Management},
    howpublished = {\url{http://www.liveaction.com/}},
    note = {Accessed: 2016-09-06},
}
@misc{L2Discover,
    author = {L2Discover},
    title = {L2Discover},
    howpublished = {\url{http://www.inf.u-szeged.hu/~bilickiv/l2discover/}},
    note = {Accessed: 2016-09-06},
}
@misc{thwackSW,
    author = {brianwhelton},
    title = {SolarWinds Thwack Forum},
    howpublished = {\url{https://thwack.solarwinds.com/ideas/3034}},
    note = {Accessed: 2016-09-06},
}
@misc{jsoncpp,
    author = {open-source-parsers on github},
    title = {A {C++} library for interacting with {JSON}},
    howpublished = {\url{https://github.com/open-source-parsers/jsoncpp}},
    note = {Accessed: 2016-09-06},
}
@misc{bstorm,
    author = {The Linux Information Project},
    title = {Broadcast Storm Definition},
    howpublished = {\url{http://www.linfo.org/broadcast_storm.html}},
    note = {Accessed: 2016-09-09},
}
@misc{pthreads,
    author = {Kunle Olukotun},
    title = {Shared Memory Parallel Programming, Pthread/OpenMP Examples},
    year = {2011},
    note = {Stanford University, \url{http://web.stanford.edu/~tayo/temp/aust_parallel/lect.02.ShMemPrg.pdf}, Accessed: 2016-09-21},
    pages = {19}
}
@article{becker1995,
    author = {Becker, Richard A. and Eick, Stephen G. and Wilks, Allan R.},
    title = {Visualizing Network Data},
    journal = {IEEE Transactions on Visualization and Computer Graphics},
    issue_date = {March 1995},
    volume = {1},
    number = {1},
    month = mar,
    year = {1995},
    issn = {1077-2626},
    pages = {16--28},
    numpages = {13},
    url = {http://dx.doi.org/10.1109/2945.468391},
    doi = {10.1109/2945.468391},
    acmid = {614292},
    publisher = {IEEE Educational Activities Department},
    address = {Piscataway, NJ, USA},
    keywords = {Network visualization, parameter focusing, network data analysis, interactive graphics, data analysis, direct manipulation.},
} 
@Inbook{blue2008,
    author="Blue, Ryan
        and Dunne, Cody
        and Fuchs, Adam
        and King, Kyle
        and Schulman, Aaron",
    editor="Goodall, John R.
        and Conti, Gregory
        and Ma, Kwan-Liu",
    title="Visualizing Real-Time Network Resource Usage",
    bookTitle="Visualization for Computer Security: 5th International Workshop, VizSec 2008, Cambridge, MA, USA, September 15, 2008. Proceedings",
    year="2008",
    publisher="Springer Berlin Heidelberg",
    address="Berlin, Heidelberg",
    pages="119--135",
    isbn="978-3-540-85933-8",
    doi="10.1007/978-3-540-85933-8_12",
    url="http://dx.doi.org/10.1007/978-3-540-85933-8_12"
}
@inproceedings{wongsuphasawat2009,
    author = {Wongsuphasawat, Krist and Artornsombudh, Pornpat and Nguyen, Bao and McCann, Justin},
    title = {Network Stack Diagnosis and Visualization Tool},
    booktitle = {Proceedings of the Symposium on Computer Human Interaction for the Management of Information Technology},
    series = {CHiMiT '09},
    year = {2009},
    isbn = {978-1-60558-572-7},
    location = {Baltimore, Maryland},
    pages = {4:29--4:37},
    articleno = {4},
    numpages = {9},
    url = {http://doi.acm.org/10.1145/1641587.1641591},
    doi = {10.1145/1641587.1641591},
    acmid = {1641591},
    publisher = {ACM},
    address = {New York, NY, USA},
    keywords = {Visty, network stack visualization},
} 
@misc{params,
    author = {Brocade},
    title = {STP parameters and defaults},
    howpublished = {\url{http://www.brocade.com/content/html/en/configuration-guide/FI_08030_L2/GUID-256DE2C6-C2DC-4DE0-A0C2-A96DDF0C3406.html}},
    note = {Accessed: 2016-09-23},
}
@misc{802.1D,
    author = {{IEEE} Standards Associaton},
    title = {Local and Metropolitan Area Network Standards},
    howpublished = {\url{http://standards.ieee.org/getieee802/download/802.17a-2004.pdf}},
    note = {Accessed: 2016-09-28},
}
@misc{OpenWrt,
    author = {OpenWrt Community},
    title = {OpenWrt},
    howpublished = {\url{https://openwrt.org/}}
}
@misc{dd-wrt,
    author = {{embeDD} GmbH},
    title = {dd-wrt},
    howpublished = {\url{https://dd-wrt.com}}
}
@misc{soft-switch,
    author = {Alexander Schl√∂gl},
    title = {software-switch},
    howpublished = {https://github.com/alxshine/software-switch}
}
